% Encoding: UTF-8

@Article{Smith2018,
  author = {Smith, Daniel and Burns, Lori A. and Sirianni, Dominic A. and Nascimento, Daniel R. and Kumar, Ashutosh and James, Andrew M. and Schriber, Jeffrey B. and Zhang, Tianyuan and Zhang, Boyi and Abbott, Adam S. and Berquist, Eric and Lechner, Marvin H. and dos Anjos Cunha, Leonardo and Heide, Alexander G. and King, Rollin A. and Simmonett, Andrew C. and Turney, Justin M. and Schaefer, Henry F. and Evangelista, Francesco A. and DePrince III, A. Eugene and Crawford, T. Daniel and Patkowski, Konrad and Sherrill, C. David},
  title  = {{Psi4NumPy: An Interactive Quantum Chemistry Programming Environment for Reference Implementations and Rapid Development}},
  year   = {2018},
  month  = {1},
  doi    = {10.26434/chemrxiv.5746059.v1},
  url    = {https://chemrxiv.org/articles/Psi4NumPy_An_Interactive_Quantum_Chemistry_Programming_Environment_for_Reference_Implementations_and_Rapid_Development/5746059},
}

@Comment{jabref-meta: databaseType:bibtex;}
