% Encoding: UTF-8

@Article{Berquist2018,
  author = {Berquist, Eric J. and Lambrecht, Daniel S.},
  title  = {{A First Principles Approach for Partitioning Linear Response Properties into Additive and Cooperative Contributions}},
  year   = {2018},
  month  = {1},
  doi    = {10.26434/chemrxiv.5773968.v1},
  url    = {https://chemrxiv.org/articles/A_First_Principles_Approach_for_Partitioning_Linear_Response_Properties_into_Additive_and_Cooperative_Contributions/5773968},
}

@Comment{jabref-meta: databaseType:bibtex;}
