% Encoding: UTF-8

@Article{Jakubek2018,
author = {Ryan S. Jakubek and Abrisham Eskandari and Eric J. Berquist and Daniel S. Lambrecht and Sanford A. Asher},
title = {{UV Resonance Raman Spectroscopy Monitors the \(\chi_2\) Angle of the Glutamine Sidechain}},
year = {2018},
journaltitle = {in preparation},
}

@Comment{jabref-meta: databaseType:biblatex;}
