% Encoding: UTF-8

@Article{Pople1979,
  author       = {Pople, John A. and Raghavachari, Krishnan and Schlegel, H. Bernhard and Binkley, J. Stephen},
  title        = {Derivative studies in Hartree-Fock and M{\o{}}ller-Plesset theories},
  journaltitle = {Int. J. Quantum Chem.},
  date         = {1979},
  volume       = {16},
  number       = {S13},
  pages        = {225--241},
  issn         = {1097-461X},
  doi          = {10.1002/qua.560160825},
  publisher    = {John Wiley \& Sons, Inc.},
}

@Comment{jabref-meta: databaseType:biblatex;}
