% Encoding: UTF-8

@Article{Rosen643,
  author       = {Rosen, Brian A. and Salehi-Khojin, Amin and Thorson, Michael R. and Zhu, Wei and Whipple, Devin T. and Kenis, Paul J. A. and Masel, Richard I.},
  title        = {Ionic Liquid{\textendash{}}Mediated Selective Conversion of CO2 to CO at Low Overpotentials},
  journaltitle = {Science},
  date         = {2011},
  volume       = {334},
  number       = {6056},
  pages        = {643--644},
  issn         = {0036-8075},
  doi          = {10.1126/science.1209786},
  eprint       = {http://science.sciencemag.org/content/334/6056/643.full.pdf},
  url          = {http://science.sciencemag.org/content/334/6056/643},
  publisher    = {American Association for the Advancement of Science},
}

@Comment{jabref-meta: databaseType:biblatex;}
